<?xml version="1.0" encoding="UTF-8"?>
<AuditFile xmlns='urn:OECD:StandardAuditFile-Tax:1.00_01' xmlns:xsi='http://www.w3.org/2001/XMLSchema-instance' xsi:schemaLocation='urn:OECD:StandardAuditFile-Tax:1.00_01 ../schemas/SAF-T.xsd' xmlns:doc='urn:schemas-basda-org:schema-extensions:documentation'>
<Header><AuditFileVersion>1.00_01</AuditFileVersion><CompanyID></CompanyID><TaxRegistrationNumber></TaxRegistrationNumber><TaxAccountingBasis>Invoice Accounting</TaxAccountingBasis><CompanyName></CompanyName><CompanyAddress><AddressDetail></AddressDetail><City></City><PostalCode></PostalCode><Region>ON</Region><Country>CA</Country></CompanyAddress><FiscalYear>2018</FiscalYear><StartDate>2018-01-01</StartDate><EndDate>2018-12-31</EndDate><CurrencyCode>CAD</CurrencyCode><DateCreated>2018-08-27</DateCreated><ProductID>NetSuite OneWorld (United Kingdom)</ProductID><ProductVersion>2018.1</ProductVersion></Header><MasterFiles>
<GeneralLedger><AccountID>1090</AccountID><AccountDescription>1090 Undeposited Funds</AccountDescription><AccountType>OthCurrAsset</AccountType><OpeningDebitBalance>0.00</OpeningDebitBalance></GeneralLedger>
<GeneralLedger><AccountID>1100</AccountID><AccountDescription>1100 Fees Receivable</AccountDescription><AccountType>AcctRec</AccountType><OpeningDebitBalance>0.00</OpeningDebitBalance></GeneralLedger>
<GeneralLedger><AccountID>1102</AccountID><AccountDescription>1102 Allowance for Doubtful Accounts</AccountDescription><AccountType>OthCurrAsset</AccountType><OpeningDebitBalance>0.00</OpeningDebitBalance></GeneralLedger>
<GeneralLedger><AccountID>1104</AccountID><AccountDescription>1104 Work-In-Process</AccountDescription><AccountType>OthCurrAsset</AccountType><OpeningDebitBalance>0.00</OpeningDebitBalance></GeneralLedger>
<GeneralLedger><AccountID>1105</AccountID><AccountDescription>1105 Other Receivables</AccountDescription><AccountType>OthCurrAsset</AccountType><OpeningDebitBalance>0.00</OpeningDebitBalance></GeneralLedger>
<GeneralLedger><AccountID>1150</AccountID><AccountDescription>1150 Employee Advances</AccountDescription><AccountType>OthCurrAsset</AccountType><OpeningDebitBalance>0.00</OpeningDebitBalance></GeneralLedger>
<GeneralLedger><AccountID>1300</AccountID><AccountDescription>1300 Prepaid Expenses</AccountDescription><AccountType>OthCurrAsset</AccountType><OpeningDebitBalance>15951.00</OpeningDebitBalance></GeneralLedger>
<GeneralLedger><AccountID>1310</AccountID><AccountDescription>1310 Prepaid Income Taxes</AccountDescription><AccountType>OthCurrAsset</AccountType><OpeningDebitBalance>0.00</OpeningDebitBalance></GeneralLedger>
<GeneralLedger><AccountID>1320</AccountID><AccountDescription>1320 Note Receivable-Current</AccountDescription><AccountType>OthCurrAsset</AccountType><OpeningDebitBalance>0.00</OpeningDebitBalance></GeneralLedger>
<GeneralLedger><AccountID>1301</AccountID><AccountDescription>1301 IT Equipment</AccountDescription><AccountType>FixedAsset</AccountType><OpeningDebitBalance>0.00</OpeningDebitBalance></GeneralLedger>
<GeneralLedger><AccountID>1302</AccountID><AccountDescription>1302 Furniture &amp; Fixtures</AccountDescription><AccountType>FixedAsset</AccountType><OpeningDebitBalance>0.00</OpeningDebitBalance></GeneralLedger>
<GeneralLedger><AccountID>1303</AccountID><AccountDescription>1303 Leasehold Improvements</AccountDescription><AccountType>FixedAsset</AccountType><OpeningDebitBalance>0.00</OpeningDebitBalance></GeneralLedger>
<GeneralLedger><AccountID>1351</AccountID><AccountDescription>1351 A/D IT Equipment</AccountDescription><AccountType>FixedAsset</AccountType><OpeningDebitBalance>0.00</OpeningDebitBalance></GeneralLedger>
<GeneralLedger><AccountID>1352</AccountID><AccountDescription>1352 A/D Furniture &amp; Fixtures</AccountDescription><AccountType>FixedAsset</AccountType><OpeningDebitBalance>0.00</OpeningDebitBalance></GeneralLedger>
<GeneralLedger><AccountID>1353</AccountID><AccountDescription>1353 A/D Leasehold Improvements</AccountDescription><AccountType>FixedAsset</AccountType><OpeningDebitBalance>0.00</OpeningDebitBalance></GeneralLedger>
<GeneralLedger><AccountID>1900</AccountID><AccountDescription>1900 Deposits</AccountDescription><AccountType>OthAsset</AccountType><OpeningDebitBalance>0.00</OpeningDebitBalance></GeneralLedger>
<GeneralLedger><AccountID>1910</AccountID><AccountDescription>1910 Organization Expense</AccountDescription><AccountType>OthAsset</AccountType><OpeningDebitBalance>0.00</OpeningDebitBalance></GeneralLedger>
<GeneralLedger><AccountID>2000</AccountID><AccountDescription>2000 Accounts Payable</AccountDescription><AccountType>AcctPay</AccountType><OpeningCreditBalance>21927.31</OpeningCreditBalance></GeneralLedger>
<GeneralLedger><AccountID>2005</AccountID><AccountDescription>2005 Accrued Expenses</AccountDescription><AccountType>OthCurrLiab</AccountType><OpeningCreditBalance>62848.00</OpeningCreditBalance></GeneralLedger>
<GeneralLedger><AccountID>2010</AccountID><AccountDescription>2010 Accrued Wages</AccountDescription><AccountType>OthCurrLiab</AccountType><OpeningCreditBalance>0.00</OpeningCreditBalance></GeneralLedger>
<GeneralLedger><AccountID>2020</AccountID><AccountDescription>2020 Accrued Vacation &amp; Sick Pay</AccountDescription><AccountType>OthCurrLiab</AccountType><OpeningCreditBalance>0.00</OpeningCreditBalance></GeneralLedger>
<GeneralLedger><AccountID>2025</AccountID><AccountDescription>2025 Client&apos;s Trust Funds</AccountDescription><AccountType>OthCurrLiab</AccountType><OpeningCreditBalance>0.00</OpeningCreditBalance></GeneralLedger>
<GeneralLedger><AccountID>2030</AccountID><AccountDescription>2030 Credit Card Payable</AccountDescription><AccountType>OthCurrLiab</AccountType><OpeningCreditBalance>0.00</OpeningCreditBalance></GeneralLedger>
<GeneralLedger><AccountID>2040</AccountID><AccountDescription>2040 Payroll Liabilities</AccountDescription><AccountType>OthCurrLiab</AccountType><OpeningCreditBalance>7159.00</OpeningCreditBalance></GeneralLedger>
<GeneralLedger><AccountID>2050</AccountID><AccountDescription>2050 Sales Taxes Payable</AccountDescription><AccountType>OthCurrLiab</AccountType><OpeningCreditBalance>0.00</OpeningCreditBalance></GeneralLedger>
<GeneralLedger><AccountID>2880</AccountID><AccountDescription>2880 Income Taxes Payable</AccountDescription><AccountType>OthCurrLiab</AccountType><OpeningCreditBalance>0.00</OpeningCreditBalance></GeneralLedger>
<GeneralLedger><AccountID>2070</AccountID><AccountDescription>2070 Loan Payable-Short-Term</AccountDescription><AccountType>OthCurrLiab</AccountType><OpeningCreditBalance>0.00</OpeningCreditBalance></GeneralLedger>
<GeneralLedger><AccountID>2090</AccountID><AccountDescription>2090 Current Portion Long-Term Debt</AccountDescription><AccountType>OthCurrLiab</AccountType><OpeningCreditBalance>0.00</OpeningCreditBalance></GeneralLedger>
<GeneralLedger><AccountID>2590</AccountID><AccountDescription>2590 Less Long-Term Portion</AccountDescription><AccountType>LongTermLiab</AccountType><OpeningCreditBalance>0.00</OpeningCreditBalance></GeneralLedger>
<GeneralLedger><AccountID>3020</AccountID><AccountDescription>3020 Capital Stock</AccountDescription><AccountType>Equity</AccountType><OpeningCreditBalance>0.00</OpeningCreditBalance></GeneralLedger>
<GeneralLedger><AccountID>3030</AccountID><AccountDescription>3030 Retained Earnings</AccountDescription><AccountType>Equity</AccountType><OpeningCreditBalance>989894.16</OpeningCreditBalance></GeneralLedger>
<GeneralLedger><AccountID>3200</AccountID><AccountDescription>3200 Opening Balance</AccountDescription><AccountType>Equity</AccountType><OpeningCreditBalance>206157.97</OpeningCreditBalance></GeneralLedger>
<GeneralLedger><AccountID>4001</AccountID><AccountDescription>4001 Services Revenue</AccountDescription><AccountType>Income</AccountType><OpeningCreditBalance>0.00</OpeningCreditBalance></GeneralLedger>
<GeneralLedger><AccountID>4003</AccountID><AccountDescription>4003 Software License/Subscription</AccountDescription><AccountType>Income</AccountType><OpeningCreditBalance>0.00</OpeningCreditBalance></GeneralLedger>
<GeneralLedger><AccountID>4005</AccountID><AccountDescription>4005 Professional Services</AccountDescription><AccountType>Income</AccountType><OpeningCreditBalance>0.00</OpeningCreditBalance></GeneralLedger>
<GeneralLedger><AccountID>4004</AccountID><AccountDescription>4004 Maintenance</AccountDescription><AccountType>Income</AccountType><OpeningCreditBalance>0.00</OpeningCreditBalance></GeneralLedger>
<GeneralLedger><AccountID>4895</AccountID><AccountDescription>4895 Reimbursed Expenses</AccountDescription><AccountType>Income</AccountType><OpeningCreditBalance>0.00</OpeningCreditBalance></GeneralLedger>
<GeneralLedger><AccountID>5360</AccountID><AccountDescription>5360 Outside Services</AccountDescription><AccountType>COGS</AccountType><OpeningDebitBalance>0.00</OpeningDebitBalance></GeneralLedger>
<GeneralLedger><AccountID>5200</AccountID><AccountDescription>5200 Freight &amp; Delivery</AccountDescription><AccountType>COGS</AccountType><OpeningDebitBalance>0.00</OpeningDebitBalance></GeneralLedger>
<GeneralLedger><AccountID>5370</AccountID><AccountDescription>5370 Other Direct Costs</AccountDescription><AccountType>COGS</AccountType><OpeningDebitBalance>0.00</OpeningDebitBalance></GeneralLedger>
<GeneralLedger><AccountID>6370</AccountID><AccountDescription>6370 Advertising</AccountDescription><AccountType>Expense</AccountType><OpeningDebitBalance>0.00</OpeningDebitBalance></GeneralLedger>
<GeneralLedger><AccountID>6010</AccountID><AccountDescription>6010 Amortization Expense</AccountDescription><AccountType>Expense</AccountType><OpeningDebitBalance>0.00</OpeningDebitBalance></GeneralLedger>
<GeneralLedger><AccountID>6360</AccountID><AccountDescription>6360 Automobile Expense</AccountDescription><AccountType>Expense</AccountType><OpeningDebitBalance>0.00</OpeningDebitBalance></GeneralLedger>
<GeneralLedger><AccountID>6700</AccountID><AccountDescription>6700 Bad Debt Expense</AccountDescription><AccountType>Expense</AccountType><OpeningDebitBalance>0.00</OpeningDebitBalance></GeneralLedger>
<GeneralLedger><AccountID>6840</AccountID><AccountDescription>6840 Bank Service Charges</AccountDescription><AccountType>Expense</AccountType><OpeningDebitBalance>0.00</OpeningDebitBalance></GeneralLedger>
<GeneralLedger><AccountID>6850</AccountID><AccountDescription>6850 Contributions</AccountDescription><AccountType>Expense</AccountType><OpeningDebitBalance>0.00</OpeningDebitBalance></GeneralLedger>
<GeneralLedger><AccountID>6680</AccountID><AccountDescription>6680 Depreciation Expense</AccountDescription><AccountType>Expense</AccountType><OpeningDebitBalance>0.00</OpeningDebitBalance></GeneralLedger>
<GeneralLedger><AccountID>6860</AccountID><AccountDescription>6860 Dues &amp; Subscriptions</AccountDescription><AccountType>Expense</AccountType><OpeningDebitBalance>0.00</OpeningDebitBalance></GeneralLedger>
<GeneralLedger><AccountID>6480</AccountID><AccountDescription>6480 Equipment Rental</AccountDescription><AccountType>Expense</AccountType><OpeningDebitBalance>0.00</OpeningDebitBalance></GeneralLedger>
<GeneralLedger><AccountID>6270</AccountID><AccountDescription>6270 Business Insurance Expense</AccountDescription><AccountType>Expense</AccountType><OpeningDebitBalance>0.00</OpeningDebitBalance></GeneralLedger>
<GeneralLedger><AccountID>8100</AccountID><AccountDescription>8100 Interest Expense</AccountDescription><AccountType>OthExpense</AccountType><OpeningDebitBalance>0.00</OpeningDebitBalance></GeneralLedger>
<GeneralLedger><AccountID>6350</AccountID><AccountDescription>6350 Business Meals &amp; Entertainment</AccountDescription><AccountType>Expense</AccountType><OpeningDebitBalance>0.00</OpeningDebitBalance></GeneralLedger>
<GeneralLedger><AccountID>6890</AccountID><AccountDescription>6890 Miscellaneous Expense</AccountDescription><AccountType>Expense</AccountType><OpeningDebitBalance>0.00</OpeningDebitBalance></GeneralLedger>
<GeneralLedger><AccountID>6820</AccountID><AccountDescription>6820 Office Expense</AccountDescription><AccountType>Expense</AccountType><OpeningDebitBalance>0.00</OpeningDebitBalance></GeneralLedger>
<GeneralLedger><AccountID>6380</AccountID><AccountDescription>6380 Professional Fees</AccountDescription><AccountType>Expense</AccountType><OpeningDebitBalance>0.00</OpeningDebitBalance></GeneralLedger>
<GeneralLedger><AccountID>6390</AccountID><AccountDescription>6390 Rent Expense</AccountDescription><AccountType>Expense</AccountType><OpeningDebitBalance>522.84</OpeningDebitBalance></GeneralLedger>
<GeneralLedger><AccountID>6885</AccountID><AccountDescription>6885 Repairs &amp; Maintenance</AccountDescription><AccountType>Expense</AccountType><OpeningDebitBalance>0.00</OpeningDebitBalance></GeneralLedger>
<GeneralLedger><AccountID>6140</AccountID><AccountDescription>6140 Payroll Tax Expense</AccountDescription><AccountType>Expense</AccountType><OpeningDebitBalance>0.00</OpeningDebitBalance></GeneralLedger>
<GeneralLedger><AccountID>6500</AccountID><AccountDescription>6500 Taxes &amp; Licenses-Other</AccountDescription><AccountType>Expense</AccountType><OpeningDebitBalance>0.00</OpeningDebitBalance></GeneralLedger>
<GeneralLedger><AccountID>6520</AccountID><AccountDescription>6520 Business</AccountDescription><AccountType>Expense</AccountType><OpeningDebitBalance>0.00</OpeningDebitBalance></GeneralLedger>
<GeneralLedger><AccountID>6530</AccountID><AccountDescription>6530 Property</AccountDescription><AccountType>Expense</AccountType><OpeningDebitBalance>0.00</OpeningDebitBalance></GeneralLedger>
<GeneralLedger><AccountID>6400</AccountID><AccountDescription>6400 Telephone Expense</AccountDescription><AccountType>Expense</AccountType><OpeningDebitBalance>0.00</OpeningDebitBalance></GeneralLedger>
<GeneralLedger><AccountID>6410</AccountID><AccountDescription>6410 Utilities</AccountDescription><AccountType>Expense</AccountType><OpeningDebitBalance>0.00</OpeningDebitBalance></GeneralLedger>
<GeneralLedger><AccountID>6110</AccountID><AccountDescription>6110 Payroll  Expense</AccountDescription><AccountType>Expense</AccountType><OpeningDebitBalance>0.00</OpeningDebitBalance></GeneralLedger>
<GeneralLedger><AccountID>7100</AccountID><AccountDescription>7100 Interest Income</AccountDescription><AccountType>OthIncome</AccountType><OpeningCreditBalance>0.00</OpeningCreditBalance></GeneralLedger>
<GeneralLedger><AccountID>7200</AccountID><AccountDescription>7200 Dividend Income</AccountDescription><AccountType>OthIncome</AccountType><OpeningCreditBalance>0.00</OpeningCreditBalance></GeneralLedger>
<GeneralLedger><AccountID>7080</AccountID><AccountDescription>7080 Other Revenue</AccountDescription><AccountType>OthIncome</AccountType><OpeningCreditBalance>0.00</OpeningCreditBalance></GeneralLedger>
<GeneralLedger><AccountID>8040</AccountID><AccountDescription>8040 Gain (loss) on Sale of Assets</AccountDescription><AccountType>OthExpense</AccountType><OpeningDebitBalance>0.00</OpeningDebitBalance></GeneralLedger>
<GeneralLedger><AccountID>7010</AccountID><AccountDescription>7010 Purchase Discounts</AccountDescription><AccountType>OthIncome</AccountType><OpeningCreditBalance>0.00</OpeningCreditBalance></GeneralLedger>
<GeneralLedger><AccountID>6870</AccountID><AccountDescription>6870 Penalties</AccountDescription><AccountType>Expense</AccountType><OpeningDebitBalance>0.00</OpeningDebitBalance></GeneralLedger>
<GeneralLedger><AccountID>8800</AccountID><AccountDescription>8800 Provision for Taxes</AccountDescription><AccountType>OthExpense</AccountType><OpeningDebitBalance>0.00</OpeningDebitBalance></GeneralLedger>
<GeneralLedger><AccountID>2201</AccountID><AccountDescription>2201 Inventory Received Not Billed</AccountDescription><AccountType>OthCurrLiab</AccountType><OpeningCreditBalance>35552.25</OpeningCreditBalance></GeneralLedger>
<GeneralLedger><AccountID>z5051</AccountID><AccountDescription>z5051 zRefunds Payable</AccountDescription><AccountType>OthCurrLiab</AccountType><OpeningCreditBalance>0.00</OpeningCreditBalance></GeneralLedger>
<GeneralLedger><AccountID>2330</AccountID><AccountDescription>2330 Commissions Payable</AccountDescription><AccountType>OthCurrLiab</AccountType><OpeningCreditBalance>0.00</OpeningCreditBalance></GeneralLedger>
<GeneralLedger><AccountID>1101</AccountID><AccountDescription>1101 Advances Paid</AccountDescription><AccountType>OthCurrAsset</AccountType><OpeningDebitBalance>0.00</OpeningDebitBalance></GeneralLedger>
<GeneralLedger><AccountID>1412</AccountID><AccountDescription>1412 Inventory Asset</AccountDescription><AccountType>OthCurrAsset</AccountType><OpeningDebitBalance>126766.51</OpeningDebitBalance></GeneralLedger>
<GeneralLedger><AccountID>5100</AccountID><AccountDescription>5100 Cost of Goods Sold</AccountDescription><AccountType>COGS</AccountType><OpeningDebitBalance>0.00</OpeningDebitBalance></GeneralLedger>
<GeneralLedger><AccountID>1200</AccountID><AccountDescription>1200 Accounts Receivable</AccountDescription><AccountType>AcctRec</AccountType><OpeningDebitBalance>276852.79</OpeningDebitBalance></GeneralLedger>
<GeneralLedger><AccountID>2101</AccountID><AccountDescription>2101 Deferred Revenue</AccountDescription><AccountType>DeferRevenue</AccountType><OpeningCreditBalance>0.00</OpeningCreditBalance></GeneralLedger>
<GeneralLedger><AccountID>6310</AccountID><AccountDescription>6310 Travel Expenses</AccountDescription><AccountType>Expense</AccountType><OpeningDebitBalance>0.00</OpeningDebitBalance></GeneralLedger>
<GeneralLedger><AccountID>2102</AccountID><AccountDescription>2102 License-Software</AccountDescription><AccountType>DeferRevenue</AccountType><OpeningCreditBalance>0.00</OpeningCreditBalance></GeneralLedger>
<GeneralLedger><AccountID>2104</AccountID><AccountDescription>2104 Maintenance-Software</AccountDescription><AccountType>DeferRevenue</AccountType><OpeningCreditBalance>0.00</OpeningCreditBalance></GeneralLedger>
<GeneralLedger><AccountID>4007</AccountID><AccountDescription>4007 Reports</AccountDescription><AccountType>Income</AccountType><OpeningCreditBalance>0.00</OpeningCreditBalance></GeneralLedger>
<GeneralLedger><AccountID>7006</AccountID><AccountDescription>7006 Markup Income</AccountDescription><AccountType>OthIncome</AccountType><OpeningCreditBalance>0.00</OpeningCreditBalance></GeneralLedger>
<GeneralLedger><AccountID>6130</AccountID><AccountDescription>6130 Sick &amp; Vacation</AccountDescription><AccountType>Expense</AccountType><OpeningDebitBalance>0.00</OpeningDebitBalance></GeneralLedger>
<GeneralLedger><AccountID>6150</AccountID><AccountDescription>6150 Bonus</AccountDescription><AccountType>Expense</AccountType><OpeningDebitBalance>0.00</OpeningDebitBalance></GeneralLedger>
<GeneralLedger><AccountID>6120</AccountID><AccountDescription>6120 Commissions</AccountDescription><AccountType>Expense</AccountType><OpeningDebitBalance>0.00</OpeningDebitBalance></GeneralLedger>
<GeneralLedger><AccountID>2027</AccountID><AccountDescription>2027 Customer Deposits</AccountDescription><AccountType>OthCurrLiab</AccountType><OpeningCreditBalance>0.00</OpeningCreditBalance></GeneralLedger>
<GeneralLedger><AccountID>2103</AccountID><AccountDescription>2103 Implementation-Software</AccountDescription><AccountType>DeferRevenue</AccountType><OpeningCreditBalance>0.00</OpeningCreditBalance></GeneralLedger>
<GeneralLedger><AccountID>8500</AccountID><AccountDescription>8500 Exchange Rate Variance</AccountDescription><AccountType>OthExpense</AccountType><OpeningDebitBalance>0.00</OpeningDebitBalance></GeneralLedger>
<GeneralLedger><AccountID>1354</AccountID><AccountDescription>1354 Deferred Expense</AccountDescription><AccountType>DeferExpense</AccountType><OpeningDebitBalance>0.00</OpeningDebitBalance></GeneralLedger>
<GeneralLedger><AccountID>z1355</AccountID><AccountDescription>z1355 Accumulated Depreciation</AccountDescription><AccountType>DeferExpense</AccountType><OpeningDebitBalance>0.00</OpeningDebitBalance></GeneralLedger>
<GeneralLedger><AccountID>2095</AccountID><AccountDescription>2095 Intercompany Loan Payable/Receivable</AccountDescription><AccountType>OthCurrLiab</AccountType><OpeningCreditBalance>0.00</OpeningCreditBalance></GeneralLedger>
<GeneralLedger><AccountID>8300</AccountID><AccountDescription>8300 Cumulative FX Adjustment</AccountDescription><AccountType>OthExpense</AccountType><OpeningDebitBalance>0.00</OpeningDebitBalance></GeneralLedger>
<GeneralLedger><AccountID>6250</AccountID><AccountDescription>6250 Partner Commission</AccountDescription><AccountType>Expense</AccountType><OpeningDebitBalance>0.00</OpeningDebitBalance></GeneralLedger>
<GeneralLedger><AccountID>6260</AccountID><AccountDescription>6260 Reseller Royalty</AccountDescription><AccountType>Expense</AccountType><OpeningDebitBalance>0.00</OpeningDebitBalance></GeneralLedger>
<GeneralLedger><AccountID>3035</AccountID><AccountDescription>3035 Cumulative Translation Adjustment</AccountDescription><AccountType>Equity</AccountType><OpeningCreditBalance>0.00</OpeningCreditBalance></GeneralLedger>
<GeneralLedger><AccountID>2052</AccountID><AccountDescription>2052 Sales Taxes Payable CA</AccountDescription><AccountType>OthCurrLiab</AccountType><OpeningCreditBalance>0.00</OpeningCreditBalance></GeneralLedger>
<GeneralLedger><AccountID>2152</AccountID><AccountDescription>2152 VAT on Sales</AccountDescription><AccountType>OthCurrLiab</AccountType><OpeningCreditBalance>0.00</OpeningCreditBalance></GeneralLedger>
<GeneralLedger><AccountID>1963</AccountID><AccountDescription>1963 VAT on Purchases</AccountDescription><AccountType>OthCurrAsset</AccountType><OpeningDebitBalance>0.00</OpeningDebitBalance></GeneralLedger>
<GeneralLedger><AccountID>2154</AccountID><AccountDescription>2154 VAT Liability</AccountDescription><AccountType>OthCurrLiab</AccountType><OpeningCreditBalance>0.00</OpeningCreditBalance></GeneralLedger>
<GeneralLedger><AccountID>2153</AccountID><AccountDescription>2153 VAT on Sales DE</AccountDescription><AccountType>OthCurrLiab</AccountType><OpeningCreditBalance>0.00</OpeningCreditBalance></GeneralLedger>
<GeneralLedger><AccountID>1964</AccountID><AccountDescription>1964 VAT on Purchases DE</AccountDescription><AccountType>OthCurrAsset</AccountType><OpeningDebitBalance>0.00</OpeningDebitBalance></GeneralLedger>
<GeneralLedger><AccountID>2155</AccountID><AccountDescription>2155 VAT Liability DE</AccountDescription><AccountType>OthCurrLiab</AccountType><OpeningCreditBalance>0.00</OpeningCreditBalance></GeneralLedger>
<GeneralLedger><AccountID>2053</AccountID><AccountDescription>2053 Tax Liability</AccountDescription><AccountType>OthCurrLiab</AccountType><OpeningCreditBalance>0.00</OpeningCreditBalance></GeneralLedger>
<GeneralLedger><AccountID>1251</AccountID><AccountDescription>1251 GST Paid</AccountDescription><AccountType>OthCurrAsset</AccountType><OpeningDebitBalance>0.00</OpeningDebitBalance></GeneralLedger>
<GeneralLedger><AccountID>2051</AccountID><AccountDescription>2051 GST Collected</AccountDescription><AccountType>OthCurrLiab</AccountType><OpeningCreditBalance>0.00</OpeningCreditBalance></GeneralLedger>
<GeneralLedger><AccountID>1415</AccountID><AccountDescription>1415 LCT Paid</AccountDescription><AccountType>OthCurrAsset</AccountType><OpeningDebitBalance>0.00</OpeningDebitBalance></GeneralLedger>
<GeneralLedger><AccountID>2096</AccountID><AccountDescription>2096 LCT Collected</AccountDescription><AccountType>OthCurrLiab</AccountType><OpeningCreditBalance>0.00</OpeningCreditBalance></GeneralLedger>
<GeneralLedger><AccountID>1967</AccountID><AccountDescription>1967 WET Paid</AccountDescription><AccountType>OthCurrAsset</AccountType><OpeningDebitBalance>0.00</OpeningDebitBalance></GeneralLedger>
<GeneralLedger><AccountID>2156</AccountID><AccountDescription>2156 WET Collected</AccountDescription><AccountType>OthCurrLiab</AccountType><OpeningCreditBalance>0.00</OpeningCreditBalance></GeneralLedger>
<GeneralLedger><AccountID>1961</AccountID><AccountDescription>1961 ABN Withholding</AccountDescription><AccountType>OthCurrAsset</AccountType><OpeningDebitBalance>0.00</OpeningDebitBalance></GeneralLedger>
<GeneralLedger><AccountID>2047</AccountID><AccountDescription>2047 ABN</AccountDescription><AccountType>OthCurrLiab</AccountType><OpeningCreditBalance>0.00</OpeningCreditBalance></GeneralLedger>
<GeneralLedger><AccountID>2012</AccountID><AccountDescription>2012 PAYG</AccountDescription><AccountType>OthCurrLiab</AccountType><OpeningCreditBalance>0.00</OpeningCreditBalance></GeneralLedger>
<GeneralLedger><AccountID>5059</AccountID><AccountDescription>5059 VAT on Sales DK</AccountDescription><AccountType>OthCurrLiab</AccountType><OpeningCreditBalance>0.00</OpeningCreditBalance></GeneralLedger>
<GeneralLedger><AccountID>1965</AccountID><AccountDescription>1965 VAT on Purchases DK</AccountDescription><AccountType>OthCurrAsset</AccountType><OpeningDebitBalance>0.00</OpeningDebitBalance></GeneralLedger>
<GeneralLedger><AccountID>2151</AccountID><AccountDescription>2151 VAT Liability DK</AccountDescription><AccountType>OthCurrLiab</AccountType><OpeningCreditBalance>0.00</OpeningCreditBalance></GeneralLedger>
<GeneralLedger><AccountID>2158</AccountID><AccountDescription>2158 GST on Sales Australia</AccountDescription><AccountType>OthCurrLiab</AccountType><OpeningCreditBalance>0.00</OpeningCreditBalance></GeneralLedger>
<GeneralLedger><AccountID>1968</AccountID><AccountDescription>1968 購入に対するVAT（付加価値税）</AccountDescription><AccountType>OthCurrAsset</AccountType><OpeningDebitBalance>0.00</OpeningDebitBalance></GeneralLedger>
<GeneralLedger><AccountID>2011</AccountID><AccountDescription>2011 Notes Payable - Current</AccountDescription><AccountType>OthCurrLiab</AccountType><OpeningCreditBalance>0.00</OpeningCreditBalance></GeneralLedger>
<GeneralLedger><AccountID>2054</AccountID><AccountDescription>2054 Sales Taxes Payable AL</AccountDescription><AccountType>OthCurrLiab</AccountType><OpeningCreditBalance>0.00</OpeningCreditBalance></GeneralLedger>
<GeneralLedger><AccountID>2056</AccountID><AccountDescription>2056 Sales Taxes Payable NY</AccountDescription><AccountType>OthCurrLiab</AccountType><OpeningCreditBalance>0.00</OpeningCreditBalance></GeneralLedger>
<GeneralLedger><AccountID>2304</AccountID><AccountDescription>2304 GST/HST on Purchases</AccountDescription><AccountType>OthCurrAsset</AccountType><OpeningDebitBalance>154.70</OpeningDebitBalance></GeneralLedger>
<GeneralLedger><AccountID>2307</AccountID><AccountDescription>2307 GST/HST Liability</AccountDescription><AccountType>OthCurrLiab</AccountType><OpeningCreditBalance>0.00</OpeningCreditBalance></GeneralLedger>
<GeneralLedger><AccountID>2308</AccountID><AccountDescription>2308 GST/HST Payable</AccountDescription><AccountType>OthCurrLiab</AccountType><OpeningCreditBalance>13705.50</OpeningCreditBalance></GeneralLedger>
<GeneralLedger><AccountID>2310</AccountID><AccountDescription>2310 PST Payable ON</AccountDescription><AccountType>OthCurrLiab</AccountType><OpeningCreditBalance>0.00</OpeningCreditBalance></GeneralLedger>
<GeneralLedger><AccountID>6551</AccountID><AccountDescription>6551 PST Expenses ON</AccountDescription><AccountType>Expense</AccountType><OpeningDebitBalance>0.00</OpeningDebitBalance></GeneralLedger>
<GeneralLedger><AccountID>1011</AccountID><AccountDescription>1011 Canadian Operating Account</AccountDescription><AccountType>Bank</AccountType><OpeningDebitBalance>919981.93</OpeningDebitBalance></GeneralLedger>
<GeneralLedger><AccountID>2309</AccountID><AccountDescription>2309 PST Payable BC</AccountDescription><AccountType>OthCurrLiab</AccountType><OpeningCreditBalance>0.00</OpeningCreditBalance></GeneralLedger>
<GeneralLedger><AccountID>6552</AccountID><AccountDescription>6552 PST Expenses BC</AccountDescription><AccountType>Expense</AccountType><OpeningDebitBalance>0.00</OpeningDebitBalance></GeneralLedger>
<GeneralLedger><AccountID>2306</AccountID><AccountDescription>2306 GST on Sales SG</AccountDescription><AccountType>OthCurrLiab</AccountType><OpeningCreditBalance>0.00</OpeningCreditBalance></GeneralLedger>
<GeneralLedger><AccountID>2303</AccountID><AccountDescription>2303 GST on Purchases SG</AccountDescription><AccountType>OthCurrAsset</AccountType><OpeningDebitBalance>0.00</OpeningDebitBalance></GeneralLedger>
<GeneralLedger><AccountID>2305</AccountID><AccountDescription>2305 GST Liability SG</AccountDescription><AccountType>OthCurrLiab</AccountType><OpeningCreditBalance>0.00</OpeningCreditBalance></GeneralLedger>
<GeneralLedger><AccountID>4006</AccountID><AccountDescription>4006 Hardware</AccountDescription><AccountType>Income</AccountType><OpeningCreditBalance>0.00</OpeningCreditBalance></GeneralLedger>
<GeneralLedger><AccountID>1702</AccountID><AccountDescription>1702 Inventory In Transit</AccountDescription><AccountType>OthCurrAsset</AccountType><OpeningDebitBalance>0.00</OpeningDebitBalance></GeneralLedger>
<GeneralLedger><AccountID>1801</AccountID><AccountDescription>1801 Intercompany Payable/Receivable CAD</AccountDescription><AccountType>OthCurrAsset</AccountType><OpeningDebitBalance>0.00</OpeningDebitBalance></GeneralLedger>
<GeneralLedger><AccountID>1802</AccountID><AccountDescription>1802 Intercompany Payable/Receivable Y</AccountDescription><AccountType>OthCurrAsset</AccountType><OpeningDebitBalance>0.00</OpeningDebitBalance></GeneralLedger>
<GeneralLedger><AccountID>1803</AccountID><AccountDescription>1803 Intercompany Payable/Receivable DKK</AccountDescription><AccountType>OthCurrAsset</AccountType><OpeningDebitBalance>0.00</OpeningDebitBalance></GeneralLedger>
<GeneralLedger><AccountID>1804</AccountID><AccountDescription>1804 Intercompany Payable/Receivable GBP</AccountDescription><AccountType>OthCurrAsset</AccountType><OpeningDebitBalance>0.00</OpeningDebitBalance></GeneralLedger>
<GeneralLedger><AccountID>1805</AccountID><AccountDescription>1805 Intercompany Payable/Receivable EUR</AccountDescription><AccountType>OthCurrAsset</AccountType><OpeningDebitBalance>0.00</OpeningDebitBalance></GeneralLedger>
<GeneralLedger><AccountID>1806</AccountID><AccountDescription>1806 Intercompany Payable/Receivable SGD</AccountDescription><AccountType>OthCurrAsset</AccountType><OpeningDebitBalance>0.00</OpeningDebitBalance></GeneralLedger>
<GeneralLedger><AccountID>1807</AccountID><AccountDescription>1807 Intercompany Payable/Receivable USD</AccountDescription><AccountType>OthCurrAsset</AccountType><OpeningDebitBalance>0.00</OpeningDebitBalance></GeneralLedger>
<GeneralLedger><AccountID>1808</AccountID><AccountDescription>1808 Intercompany Payable/Receivable AUD</AccountDescription><AccountType>OthCurrAsset</AccountType><OpeningDebitBalance>0.00</OpeningDebitBalance></GeneralLedger>
<GeneralLedger><AccountID>8390</AccountID><AccountDescription>8390 Rounding Gain/Loss</AccountDescription><AccountType>OthExpense</AccountType><OpeningDebitBalance>0.00</OpeningDebitBalance></GeneralLedger>
<GeneralLedger><AccountID>8350</AccountID><AccountDescription>8350 Realized Gain/Loss</AccountDescription><AccountType>OthExpense</AccountType><OpeningDebitBalance>0.00</OpeningDebitBalance></GeneralLedger>
<GeneralLedger><AccountID>8375</AccountID><AccountDescription>8375 Unrealized Gain/Loss</AccountDescription><AccountType>OthExpense</AccountType><OpeningDebitBalance>0.00</OpeningDebitBalance></GeneralLedger>
<GeneralLedger><AccountID>7000</AccountID><AccountDescription>7000 Non-Operating Revenue</AccountDescription><AccountType>OthIncome</AccountType><OpeningCreditBalance>0.00</OpeningCreditBalance></GeneralLedger>
<GeneralLedger><AccountID>2001</AccountID><AccountDescription>2001 Intercompany Payables</AccountDescription><AccountType>AcctPay</AccountType><OpeningCreditBalance>2462.74</OpeningCreditBalance></GeneralLedger>
<GeneralLedger><AccountID>1190</AccountID><AccountDescription>1190 Intercompany Receivables</AccountDescription><AccountType>AcctRec</AccountType><OpeningDebitBalance>0.00</OpeningDebitBalance></GeneralLedger>
<GeneralLedger><AccountID>8000</AccountID><AccountDescription>8000 Non-Operating Expense</AccountDescription><AccountType>OthExpense</AccountType><OpeningDebitBalance>0.00</OpeningDebitBalance></GeneralLedger>
<GeneralLedger><AccountID>3101</AccountID><AccountDescription>3101 Cumulative Translation Adjustment-Elimination</AccountDescription><AccountType>Equity</AccountType><OpeningCreditBalance>0.00</OpeningCreditBalance></GeneralLedger>
<GeneralLedger><AccountID>1160</AccountID><AccountDescription>1160 Unbilled Receivable</AccountDescription><AccountType>UnbilledRec</AccountType><OpeningDebitBalance>0.00</OpeningDebitBalance></GeneralLedger>
<GeneralLedger><AccountID>4000</AccountID><AccountDescription>4000 Revenue</AccountDescription><AccountType>Income</AccountType><OpeningCreditBalance>0.00</OpeningCreditBalance></GeneralLedger>
<GeneralLedger><AccountID>1701</AccountID><AccountDescription>1701 Inventory Returned Not Credited</AccountDescription><AccountType>OthCurrAsset</AccountType><OpeningDebitBalance>0.00</OpeningDebitBalance></GeneralLedger>
<GeneralLedger><AccountID>5062</AccountID><AccountDescription>5062 VAT on Sales PH</AccountDescription><AccountType>OthCurrLiab</AccountType><OpeningCreditBalance>0.00</OpeningCreditBalance></GeneralLedger>
<GeneralLedger><AccountID>1966</AccountID><AccountDescription>1966 VAT on Purchases PH</AccountDescription><AccountType>OthCurrAsset</AccountType><OpeningDebitBalance>0.00</OpeningDebitBalance></GeneralLedger>
<GeneralLedger><AccountID>2170</AccountID><AccountDescription>2170 VAT Liability PH</AccountDescription><AccountType>OthCurrLiab</AccountType><OpeningCreditBalance>0.00</OpeningCreditBalance></GeneralLedger>
<GeneralLedger><AccountID>1810</AccountID><AccountDescription>1810 Intercompany Clearing PHP</AccountDescription><AccountType>OthCurrAsset</AccountType><OpeningDebitBalance>0.00</OpeningDebitBalance></GeneralLedger>
<GeneralLedger><AccountID>2171</AccountID><AccountDescription>2171 VAT on Sales MX</AccountDescription><AccountType>OthCurrLiab</AccountType><OpeningCreditBalance>0.00</OpeningCreditBalance></GeneralLedger>
<GeneralLedger><AccountID>1971</AccountID><AccountDescription>1971 VAT on Purchases MX</AccountDescription><AccountType>OthCurrAsset</AccountType><OpeningDebitBalance>0.00</OpeningDebitBalance></GeneralLedger>
<GeneralLedger><AccountID>2172</AccountID><AccountDescription>2172 VAT Liability MX</AccountDescription><AccountType>OthCurrLiab</AccountType><OpeningCreditBalance>0.00</OpeningCreditBalance></GeneralLedger>
<GeneralLedger><AccountID>1811</AccountID><AccountDescription>1811 Intercompany Clearing MXN</AccountDescription><AccountType>OthCurrAsset</AccountType><OpeningDebitBalance>0.00</OpeningDebitBalance></GeneralLedger>
<GeneralLedger><AccountID>2173</AccountID><AccountDescription>2173 VAT on Sales PE</AccountDescription><AccountType>OthCurrLiab</AccountType><OpeningCreditBalance>0.00</OpeningCreditBalance></GeneralLedger>
<GeneralLedger><AccountID>1973</AccountID><AccountDescription>1973 VAT on Purchases PE</AccountDescription><AccountType>OthCurrAsset</AccountType><OpeningDebitBalance>0.00</OpeningDebitBalance></GeneralLedger>
<GeneralLedger><AccountID>2174</AccountID><AccountDescription>2174 VAT Liability PE</AccountDescription><AccountType>OthCurrLiab</AccountType><OpeningCreditBalance>0.00</OpeningCreditBalance></GeneralLedger>
<GeneralLedger><AccountID>1812</AccountID><AccountDescription>1812 Intercompany Clearing PEN</AccountDescription><AccountType>OthCurrAsset</AccountType><OpeningDebitBalance>0.00</OpeningDebitBalance></GeneralLedger>
<GeneralLedger><AccountID>1975</AccountID><AccountDescription>1975 Other Asset</AccountDescription><AccountType>OthAsset</AccountType><OpeningDebitBalance>0.00</OpeningDebitBalance></GeneralLedger>
<GeneralLedger><AccountID>2002</AccountID><AccountDescription>2002 Accounts Payable 2</AccountDescription><AccountType>AcctPay</AccountType><OpeningCreditBalance>0.00</OpeningCreditBalance></GeneralLedger>
<GeneralLedger><AccountID>2601</AccountID><AccountDescription>2601 Project Cost Variance</AccountDescription><AccountType>OthCurrLiab</AccountType><OpeningCreditBalance>0.00</OpeningCreditBalance></GeneralLedger>
<GeneralLedger><AccountID>9951</AccountID><AccountDescription>9951 Number of Shares</AccountDescription><AccountType>Stat</AccountType><OpeningCreditBalance>0.00</OpeningCreditBalance></GeneralLedger>
<GeneralLedger><AccountID>6356</AccountID><AccountDescription>6356 Transit Expense</AccountDescription><AccountType>Expense</AccountType><OpeningDebitBalance>0.00</OpeningDebitBalance></GeneralLedger>
<GeneralLedger><AccountID>1800</AccountID><AccountDescription>1800 Intercompany Clearing Account</AccountDescription><AccountType>OthCurrAsset</AccountType><OpeningDebitBalance>0.00</OpeningDebitBalance></GeneralLedger>
<GeneralLedger><AccountID>2951</AccountID><AccountDescription>2951 MOSS VAT on Sales GB</AccountDescription><AccountType>OthCurrLiab</AccountType><OpeningCreditBalance>0.00</OpeningCreditBalance></GeneralLedger>
<GeneralLedger><AccountID>2950</AccountID><AccountDescription>2950 MOSS VAT on Sales DE</AccountDescription><AccountType>OthCurrLiab</AccountType><OpeningCreditBalance>0.00</OpeningCreditBalance></GeneralLedger>
<GeneralLedger><AccountID>2186</AccountID><AccountDescription>2186 VAT on Sales NZ</AccountDescription><AccountType>OthCurrLiab</AccountType><OpeningCreditBalance>0.00</OpeningCreditBalance></GeneralLedger>
<GeneralLedger><AccountID>1977</AccountID><AccountDescription>1977 VAT on Purchases NZ</AccountDescription><AccountType>OthCurrAsset</AccountType><OpeningDebitBalance>0.00</OpeningDebitBalance></GeneralLedger>
<GeneralLedger><AccountID>2184</AccountID><AccountDescription>2184 VAT Liability NZ</AccountDescription><AccountType>OthCurrLiab</AccountType><OpeningCreditBalance>0.00</OpeningCreditBalance></GeneralLedger>
<GeneralLedger><AccountID>2185</AccountID><AccountDescription>2185 VAT on Sales HK</AccountDescription><AccountType>OthCurrLiab</AccountType><OpeningCreditBalance>0.00</OpeningCreditBalance></GeneralLedger>
<GeneralLedger><AccountID>1976</AccountID><AccountDescription>1976 VAT on Purchases HK</AccountDescription><AccountType>OthCurrAsset</AccountType><OpeningDebitBalance>0.00</OpeningDebitBalance></GeneralLedger>
<GeneralLedger><AccountID>2183</AccountID><AccountDescription>2183 VAT Liability HK</AccountDescription><AccountType>OthCurrLiab</AccountType><OpeningCreditBalance>0.00</OpeningCreditBalance></GeneralLedger>
<GeneralLedger><AccountID>4900</AccountID><AccountDescription>4900 Intercompany Revenue</AccountDescription><AccountType>Income</AccountType><OpeningCreditBalance>0.00</OpeningCreditBalance></GeneralLedger>
<GeneralLedger><AccountID>6900</AccountID><AccountDescription>6900 Intercompany Expense</AccountDescription><AccountType>Expense</AccountType><OpeningCreditBalance>522.84</OpeningCreditBalance></GeneralLedger>
<GeneralLedger><AccountID>5900</AccountID><AccountDescription>5900 Intercompany Cost of Goods Sold</AccountDescription><AccountType>COGS</AccountType><OpeningDebitBalance>0.00</OpeningDebitBalance></GeneralLedger>
<GeneralLedger><AccountID>4500</AccountID><AccountDescription>4500 Sales Returns</AccountDescription><AccountType>Income</AccountType><OpeningCreditBalance>0.00</OpeningCreditBalance></GeneralLedger>
<GeneralLedger><AccountID>5250</AccountID><AccountDescription>5250 Purchase Discounts</AccountDescription><AccountType>COGS</AccountType><OpeningDebitBalance>0.00</OpeningDebitBalance></GeneralLedger>
<GeneralLedger><AccountID>6000</AccountID><AccountDescription>6000 General and Administrative</AccountDescription><AccountType>Expense</AccountType><OpeningDebitBalance>0.00</OpeningDebitBalance></GeneralLedger>
<GeneralLedger><AccountID>6160</AccountID><AccountDescription>6160 Benefits</AccountDescription><AccountType>Expense</AccountType><OpeningDebitBalance>0.00</OpeningDebitBalance></GeneralLedger>
<GeneralLedger><AccountID>6550</AccountID><AccountDescription>6550 PST</AccountDescription><AccountType>Expense</AccountType><OpeningDebitBalance>0.00</OpeningDebitBalance></GeneralLedger>
<GeneralLedger><AccountID>6600</AccountID><AccountDescription>6600 Depr &amp; Amort</AccountDescription><AccountType>Expense</AccountType><OpeningDebitBalance>0.00</OpeningDebitBalance></GeneralLedger>
<GeneralLedger><AccountID>6800</AccountID><AccountDescription>6800 Other Expense</AccountDescription><AccountType>Expense</AccountType><OpeningDebitBalance>0.00</OpeningDebitBalance></GeneralLedger>
<GeneralLedger><AccountID>7075</AccountID><AccountDescription>7075 Other Gain (Loss)</AccountDescription><AccountType>OthIncome</AccountType><OpeningCreditBalance>0.00</OpeningCreditBalance></GeneralLedger>
<GeneralLedger><AccountID>4008</AccountID><AccountDescription>4008 Website Shipping Revenue</AccountDescription><AccountType>Income</AccountType><OpeningCreditBalance>0.00</OpeningCreditBalance></GeneralLedger>
<GeneralLedger><AccountID>5350</AccountID><AccountDescription>5350 Direct Labor</AccountDescription><AccountType>COGS</AccountType><OpeningDebitBalance>0.00</OpeningDebitBalance></GeneralLedger>
<GeneralLedger><AccountID>5000</AccountID><AccountDescription>5000 COGS</AccountDescription><AccountType>COGS</AccountType><OpeningDebitBalance>0.00</OpeningDebitBalance></GeneralLedger>
<GeneralLedger><AccountID>2100</AccountID><AccountDescription>2100 Deferred  Income</AccountDescription><AccountType>DeferRevenue</AccountType><OpeningCreditBalance>0.00</OpeningCreditBalance></GeneralLedger>
<GeneralLedger><AccountID>6100</AccountID><AccountDescription>6100 Salaries &amp; Wages</AccountDescription><AccountType>Expense</AccountType><OpeningDebitBalance>0.00</OpeningDebitBalance></GeneralLedger>
<GeneralLedger><AccountID>8075</AccountID><AccountDescription>8075 Other Loss</AccountDescription><AccountType>OthExpense</AccountType><OpeningDebitBalance>0.00</OpeningDebitBalance></GeneralLedger>
<GeneralLedger><AccountID>6300</AccountID><AccountDescription>6300 Travel Expense</AccountDescription><AccountType>Expense</AccountType><OpeningDebitBalance>0.00</OpeningDebitBalance></GeneralLedger>
<GeneralLedger><AccountID>1</AccountID><AccountDescription>1 Headcount</AccountDescription><AccountType>Stat</AccountType><OpeningCreditBalance>0.00</OpeningCreditBalance></GeneralLedger>
<GeneralLedger><AccountID>1899</AccountID><AccountDescription>1899 Intercompany Payable/Receivable - ALL</AccountDescription><AccountType>OthCurrAsset</AccountType><OpeningDebitBalance>0.00</OpeningDebitBalance></GeneralLedger>
<GeneralLedger><AccountID>6880</AccountID><AccountDescription>6880 IT Expenses</AccountDescription><AccountType>Expense</AccountType><OpeningDebitBalance>0.00</OpeningDebitBalance></GeneralLedger>
<GeneralLedger><AccountID>2094</AccountID><AccountDescription>2094 Intercompany Payable/Receivable - PAY</AccountDescription><AccountType>OthCurrLiab</AccountType><OpeningCreditBalance>0.00</OpeningCreditBalance></GeneralLedger>
<GeneralLedger><AccountID>1897</AccountID><AccountDescription>1897 Intercompany Payable/Receivable - REC</AccountDescription><AccountType>OthCurrAsset</AccountType><OpeningDebitBalance>0.00</OpeningDebitBalance></GeneralLedger>
<GeneralLedger><AccountID></AccountID><AccountDescription>Deferred Revenue Clearing</AccountDescription><AccountType>DeferRevenue</AccountType><OpeningCreditBalance>0.00</OpeningCreditBalance></GeneralLedger>
<GeneralLedger><AccountID>3</AccountID><AccountDescription>3 Dynamic allocation test</AccountDescription><AccountType>Stat</AccountType><OpeningCreditBalance>0.00</OpeningCreditBalance></GeneralLedger>
<GeneralLedger><AccountID>6</AccountID><AccountDescription>6 statistical3</AccountDescription><AccountType>Stat</AccountType><OpeningCreditBalance>0.00</OpeningCreditBalance></GeneralLedger>
<GeneralLedger><AccountID>7</AccountID><AccountDescription>7 headcount2</AccountDescription><AccountType>Stat</AccountType><OpeningCreditBalance>0.00</OpeningCreditBalance></GeneralLedger>
<Customer><CustomerID>958</CustomerID><CustomerTaxID><TaxRegistrationNumber></TaxRegistrationNumber></CustomerTaxID><CompanyName>Gester Inc.</CompanyName><BillingAddress><AddressDetail>Gester Inc., 21 Jackson Street, Dalton GA 30721, United Stat</AddressDetail><City>Dalton</City><PostalCode>30721</PostalCode><Region>GA</Region><Country>US</Country></BillingAddress></Customer>
<Customer><CustomerID>959</CustomerID><CustomerTaxID><TaxRegistrationNumber></TaxRegistrationNumber></CustomerTaxID><CompanyName>Groupe Tele Ltd.</CompanyName><BillingAddress><AddressDetail>Groupe Tele Ltd., 686 Canal Street, Mc Lean VA 22101, United</AddressDetail><City>Mc Lean</City><PostalCode>22101</PostalCode><Region>VA</Region><Country>US</Country></BillingAddress></Customer>
<Customer><CustomerID>927</CustomerID><CustomerTaxID><TaxRegistrationNumber></TaxRegistrationNumber></CustomerTaxID><CompanyName>Mind the Gap Software Co. : Mind the Gap - Canada</CompanyName><BillingAddress><AddressDetail>Mind the Gap - Canada, 80 Bloor Street West, Toronto ON M5S </AddressDetail><City>Toronto</City><PostalCode>M5S 2V1</PostalCode><Region>ON</Region><Country>CA</Country></BillingAddress></Customer>
<Customer><CustomerID>931</CustomerID><CustomerTaxID><TaxRegistrationNumber></TaxRegistrationNumber></CustomerTaxID><CompanyName>Pineapple Republic : Pineapple Republic - Canada</CompanyName><BillingAddress><AddressDetail>Pineapple Republic - Canada, 218 Yonge Street, Toronto ON M5</AddressDetail><City>Toronto</City><PostalCode>M5B 2H1</PostalCode><Region>ON</Region><Country>CA</Country></BillingAddress></Customer>
<Supplier><SupplierID>1496</SupplierID><SupplierTaxID><TaxRegistrationNumber></TaxRegistrationNumber></SupplierTaxID><CompanyName>Dilley Professional Services - CND</CompanyName><BillingAddress><AddressDetail>Dilley Professional Services - CND, 2801 Discovery Lane, Mis</AddressDetail><City>Mississauga</City><PostalCode>L4W 5K9</PostalCode><Region>ON</Region><Country>CA</Country></BillingAddress></Supplier>
<Supplier><SupplierID>945</SupplierID><SupplierTaxID><TaxRegistrationNumber></TaxRegistrationNumber></SupplierTaxID><CompanyName>Enbridge Gas</CompanyName><BillingAddress><AddressDetail>Enbridge Gas, 4523 49th Avenue, Tulita NT X0E 0K0, Canada</AddressDetail><City>Tulita</City><PostalCode>X0E 0K0</PostalCode><Region>NT</Region><Country>CA</Country></BillingAddress></Supplier>
<Supplier><SupplierID>944</SupplierID><SupplierTaxID><TaxRegistrationNumber></TaxRegistrationNumber></SupplierTaxID><CompanyName>Excess Supplies - Canada</CompanyName><BillingAddress><AddressDetail>Excess Supplies - Canada, 4128 90th Avenue, Acadia Valley AB</AddressDetail><City>Acadia Valley</City><PostalCode>T0J 0A0</PostalCode><Region>AB</Region><Country>CA</Country></BillingAddress></Supplier>
<Supplier><SupplierID>925</SupplierID><SupplierTaxID><TaxRegistrationNumber></TaxRegistrationNumber></SupplierTaxID><CompanyName>Minister of Finance</CompanyName><BillingAddress><AddressDetail>Minister of Finance, 3210 Roger Street, Courtenay BC V9N 2J6</AddressDetail><City>Courtenay</City><PostalCode>V9N 2J6</PostalCode><Region>BC</Region><Country>CA</Country></BillingAddress></Supplier>
<Supplier><SupplierID>924</SupplierID><SupplierTaxID><TaxRegistrationNumber></TaxRegistrationNumber></SupplierTaxID><CompanyName>Receiver General</CompanyName><BillingAddress><AddressDetail>Receiver General, 1005 Jasper Ave, Edmonton AB N9A 1H9, Cana</AddressDetail><City>Edmonton</City><PostalCode>N9A 1H9</PostalCode><Region>AB</Region><Country>CA</Country></BillingAddress></Supplier>
<Supplier><SupplierID>941</SupplierID><SupplierTaxID><TaxRegistrationNumber></TaxRegistrationNumber></SupplierTaxID><CompanyName>Staples - Canada</CompanyName><BillingAddress><AddressDetail>Staples - Canada, 1208 Cassells St, North Bay ON P1B 2Y7, Ca</AddressDetail><City>North Bay</City><PostalCode>P1B 2Y7</PostalCode><Region>ON</Region><Country>CA</Country></BillingAddress></Supplier>
<TaxTable>
<TaxType>
<Description>GST/HST</Description>
<TaxCodeDetails><TaxCode>GST CA_0</TaxCode><TaxPercentage>0</TaxPercentage></TaxCodeDetails>
<TaxCodeDetails><TaxCode>GST CA_6</TaxCode><TaxPercentage>6</TaxPercentage></TaxCodeDetails>
<TaxCodeDetails><TaxCode>GST CA_E</TaxCode><TaxPercentage>0</TaxPercentage></TaxCodeDetails>
</TaxType>
<TaxType>
<Description>PST</Description>
<TaxCodeDetails><TaxCode>PST ON_0</TaxCode><TaxPercentage>0</TaxPercentage></TaxCodeDetails>
<TaxCodeDetails><TaxCode>PST_BC_7</TaxCode><TaxPercentage>7</TaxPercentage></TaxCodeDetails>
<TaxCodeDetails><TaxCode>PST_CA_E</TaxCode><TaxPercentage>0</TaxPercentage></TaxCodeDetails>
<TaxCodeDetails><TaxCode>PST_ON_8</TaxCode><TaxPercentage>8</TaxPercentage></TaxCodeDetails>
</TaxType>
</TaxTable>
</MasterFiles>
<GeneralLedgerEntries><NumberOfEntries>1</NumberOfEntries><TotalDebit>522.84</TotalDebit><TotalCredit>522.84</TotalCredit><Journal><JournalID>TSTDRV1740134</JournalID><Description>TSTDRV1740134 Main Journal</Description><Type>Consolidated</Type>
<Transaction><TransactionID>30516</TransactionID><Period>Aug 2018</Period><TransactionDate>2018-08-08</TransactionDate><Description>Journal</Description><GLPostingDate>2018-08-08</GLPostingDate><Line><RecordID>0</RecordID><AccountID>6900</AccountID><SystemEntryDate>2018-08-08</SystemEntryDate><Description>Allocation Intercompany Debit</Description><DebitAmount>400.00</DebitAmount><Tax><TaxCode></TaxCode><TaxAmount>0.00</TaxAmount></Tax></Line>
<Line><RecordID>1</RecordID><AccountID>6390</AccountID><SystemEntryDate>2018-08-08</SystemEntryDate><Description>Allocation Source</Description><CreditAmount>400.00</CreditAmount><Tax><TaxCode></TaxCode><TaxAmount>0.00</TaxAmount></Tax></Line>
<Line><RecordID>2</RecordID><AccountID>6390</AccountID><SystemEntryDate>2018-08-08</SystemEntryDate><Description>Allocation</Description><DebitAmount>522.84</DebitAmount><Tax><TaxCode></TaxCode><TaxAmount>0.00</TaxAmount></Tax></Line>
<Line><RecordID>3</RecordID><AccountID>6900</AccountID><SystemEntryDate>2018-08-08</SystemEntryDate><Description>Allocation Intercompany Credit</Description><CreditAmount>522.84</CreditAmount><Tax><TaxCode></TaxCode><TaxAmount>0.00</TaxAmount></Tax></Line></Transaction>
</Journal>
</GeneralLedgerEntries>
<SourceDocuments>
</SourceDocuments>
</AuditFile>
